%% This BibTeX bibliography file was created using BibDesk.
%% https://bibdesk.sourceforge.io/

%% Created for Arya Daroui at 2019-10-22 16:09:54 -0700 


%% Saved with string encoding Unicode (UTF-8) 



@article{1,
	Author = {Brewster, L. R. and Dale, J. J. and Guttridge, T. L. and Gruber, S. H. and Hansell, A. C. and Elliott, M. and Cowx, I. G. and Whitney, N. M. and Gleiss, A. C.},
	Doi = {10.1007/s00227-018-3318-y},
	Journal = {Marine Biology},
	Month = {Aug},
	Number = {4},
	Pages = {62},
	Title = {Development and application of a machine learning algorithm for classification of elasmobranch behaviour from accelerometry data},
	Volume = {165},
	Year = {2018},
	Bdsk-Url-1 = {https://doi.org/10.1007/s00227-018-3318-y}}

@article{2,
	Author = {Nathan, R. and Spiegel, O. and Fortmann-Roe, S. and Harel, R. and Wikelski, M. and Getz, W. M.},
	Doi = {10.1242/jeb.058602},
	Journal = {Journal of Experimental Biology},
	Number = {6},
	Pages = {986--996},
	Title = {Using tri-axial acceleration data to identify behavioral modes of free-ranging animals: general concepts and tools illustrated for griffon vultures},
	Volume = {215},
	Year = {2012},
	Bdsk-Url-1 = {https://doi.org/10.1242/jeb.058602}}

@article{3,
	Author = {Gr{\"u}new{\"a}lder, Steffen and Broekhuis, Femke and Macdonald, David Whyte and Wilson, Alan Martin and Mcnutt, John Weldon and Shawe-Taylor, John and Hailes, Stephen},
	Doi = {10.1371/journal.pone.0049120},
	Journal = {PLoS ONE},
	Number = {11},
	Title = {Movement Activity Based Classification of Animal Behaviour with an Application to Data from Cheetah (Acinonyx jubatus)},
	Volume = {7},
	Year = {2012},
	Bdsk-Url-1 = {https://doi.org/10.1371/journal.pone.0049120}}

@article{4,
	Author = {Chessa, Stefano and Micheli, Alessio and Pucci, Rita and Hunter, Jane and Carroll, Gemma and Harcourt, Rob},
	Doi = {10.1080/08839514.2017.1378162},
	Journal = {Applied Artificial Intelligence},
	Month = {Mar},
	Number = {5-6},
	Pages = {453--471},
	Title = {A Comparative Analysis of SVM and IDNN for Identifying Penguin Activities},
	Volume = {31},
	Year = {2017},
	Bdsk-Url-1 = {https://doi.org/10.1080/08839514.2017.1378162}}

@article{5,
	Author = {Whitney, Nicholas M. and White, Connor F. and Gleiss, Adrian C. and Schwieterman, Gail D. and Anderson, Paul and Hueter, Robert E. and Skomal, Gregory B.},
	Doi = {10.1016/j.fishres.2016.06.003},
	Journal = {Fisheries Research},
	Pages = {210--221},
	Title = {A novel method for determining post-release mortality, behavior, and recovery period using acceleration data loggers},
	Volume = {183},
	Year = {2016},
	Bdsk-Url-1 = {https://doi.org/10.1016/j.fishres.2016.06.003}}

@article{6,
	Author = {Gleiss, Adrian C. and Wilson, Rory P. and Shepard, Emily L. C.},
	Doi = {10.1111/j.2041-210x.2010.00057.x},
	Journal = {Methods in Ecology and Evolution},
	Month = {Feb},
	Number = {1},
	Pages = {23--33},
	Title = {Making overall dynamic body acceleration work: on the theory of acceleration as a proxy for energy expenditure},
	Volume = {2},
	Year = {2010},
	Bdsk-Url-1 = {https://doi.org/10.1111/j.2041-210x.2010.00057.x}}

@article{7,
	Author = {Kaghyan, Sahak and Sarukhanyan, Hakob},
	Journal = {International Journal of Informatics Models and Analysis (IJIMA), ITHEA International Scientific Society, Bulgaria},
	Pages = {146--156},
	Title = {Activity recognition using k-nearest neighbor algorithm on smartphone with tri-axial accelerometer},
	Volume = {1},
	Year = {2012}}

@article{8,
	Author = {Strong, WRJ},
	Journal = {M.Sc. Thesis},
	Organization = {California State University at Long Beach, California, USA.},
	Title = {Behavioral ecology of horn sharks, Heterodontus francisci, at Santa Catalina Island, California, with emphasis on patterns of space utilization (Sharks).},
	Year = {1990}}

@article{9,
	Author = {Edmonds, Margaret A and Motta, Philip J and Hueter, Robert E},
	Journal = {Environmental Biology of Fishes},
	Number = {4},
	Pages = {415--427},
	Publisher = {Springer},
	Title = {Food capture kinematics of the suction feeding horn shark, Heterodontus francisci},
	Volume = {62},
	Year = {2001}}

@article{10,
	Author = {Summers, Adam P. and Ketcham, Richard A. and Rowe, Timothy},
	Doi = {10.1002/jmor.10141},
	Journal = {Journal of Morphology},
	Number = {1},
	Pages = {1--12},
	Title = {Structure and function of the horn shark (Heterodontus francisci) cranium through ontogeny: Development of a hard prey specialist},
	Volume = {260},
	Year = {2004},
	Bdsk-Url-1 = {https://doi.org/10.1002/jmor.10141}}

@article{11,
	Author = {Sakamoto, Kentaro Q and Sato, Katsufumi and Ishizuka, Mayumi and Watanuki, Yutaka and Takahashi, Akinori and Daunt, Francis and Wanless, Sarah},
	Journal = {PloS one},
	Number = {4},
	Pages = {e5379},
	Publisher = {Public Library of Science},
	Title = {Can ethograms be automatically generated using body acceleration data from free-ranging birds?},
	Volume = {4},
	Year = {2009}}

@article{12,
	Author = {Shepard, Elc and Wilson, Rp and Quintana, F and Laich, A Gomez and Liebsch, N and Albareda, Da and Halsey, Lg and Gleiss, A and Morgan, Dt and Myers, Ae and et al.},
	Doi = {10.3354/esr00084},
	Journal = {Endangered Species Research},
	Pages = {47--60},
	Title = {Identification of animal movement patterns using tri-axial accelerometry},
	Volume = {10},
	Year = {2008},
	Bdsk-Url-1 = {https://doi.org/10.3354/esr00084}}

@article{13,
	Author = {Figo, Davide and Diniz, Pedro C. and Ferreira, Diogo R. and Cardoso, Jo{\~a}o M. P.},
	Doi = {10.1007/s00779-010-0293-9},
	Journal = {Personal and Ubiquitous Computing},
	Number = {7},
	Pages = {645--662},
	Title = {Preprocessing techniques for context recognition from accelerometer data},
	Volume = {14},
	Year = {2010},
	Bdsk-Url-1 = {https://doi.org/10.1007/s00779-010-0293-9}}

@article{14,
	Author = {Sani, Sadiq and Wiratunga, Nirmalie and Massie, Stewart},
	Journal = {In Proceedings of the ICCBR17 Workshop},
	Publisher = {ICCBR (Organisers)},
	Title = {Learning deep features for kNN-based human activity recognition.},
	Year = {2017}}

@article{15,
	Author = {Preece, S.j. and Goulermas, J.y. and Kenney, L.p.j. and Howard, D.},
	Doi = {10.1109/tbme.2008.2006190},
	Journal = {IEEE Transactions on Biomedical Engineering},
	Number = {3},
	Pages = {871--879},
	Title = {A Comparison of Feature Extraction Methods for the Classification of Dynamic Activities From Accelerometer Data},
	Volume = {56},
	Year = {2009},
	Bdsk-Url-1 = {https://doi.org/10.1109/tbme.2008.2006190}}

@article{16,
	Author = {Rosati, Samanta and Balestra, Gabriella and Knaflitz, Marco},
	Doi = {10.3390/s18124189},
	Journal = {Sensors},
	Number = {12},
	Pages = {4189},
	Title = {Comparison of Different Sets of Features for Human Activity Recognition by Wearable Sensors},
	Volume = {18},
	Year = {2018},
	Bdsk-Url-1 = {https://doi.org/10.3390/s18124189}}

@article{17,
	Author = {Janidarmian, Majid and Fekr, Atena Roshan and Radecka, Katarzyna and Zilic, Zeljko},
	Doi = {10.3390/s17030529},
	Journal = {Sensors},
	Month = {Jul},
	Number = {3},
	Pages = {529},
	Title = {A Comprehensive Analysis on Wearable Acceleration Sensors in Human Activity Recognition},
	Volume = {17},
	Year = {2017},
	Bdsk-Url-1 = {https://doi.org/10.3390/s17030529}}

@article{18,
	Author = {Janidarmian, Majid and Roshan Fekr, Atena and Radecka, Katarzyna and Zilic, Zeljko and Ross, Louis},
	Journal = {Proceedings of the 5th EAI International Conference on Wireless Mobile Communication and Healthcare},
	Organization = {ICST (Institute for Computer Sciences, Social-Informatics and telecommunications engineering},
	Pages = {68--72},
	Title = {Analysis of motion patterns for recognition of human activities},
	Year = {2015}}

@article{19,
	Author = {Zhang, Shichao and Li, Xuelong and Zong, Ming and Zhu, Xiaofeng and Wang, Ruili},
	Journal = {IEEE transactions on neural networks and learning systems},
	Number = {5},
	Pages = {1774--1785},
	Publisher = {IEEE},
	Title = {Efficient knn classification with different numbers of nearest neighbors},
	Volume = {29},
	Year = {2017}}
